<?xml version="1.0" encoding="UTF-8"?><collection xmlns="http://www.loc.gov/MARC21/slim"><record><leader>00649nam--2200193-i-4500</leader><controlfield tag="001">000029707</controlfield><controlfield tag="002">20161230</controlfield><controlfield tag="005">20161230201037</controlfield><controlfield tag="008">060222s1000------------r-----000-0-eng-d</controlfield><datafield ind1=" " ind2=" " tag="040"><subfield code="a">IFIN-HH</subfield></datafield><datafield ind1=" " ind2=" " tag="080"><subfield code="a">621.375.826:535.33(061.3)</subfield></datafield><datafield ind1="1" ind2=" " tag="100"><subfield code="a">Walther,H</subfield></datafield><datafield ind1="1" ind2="0" tag="245"><subfield code="a">Laser spectroscopy iv</subfield><subfield code="b">Proceedings of thr fourth international conference rottach-egern, fed. rep. of germany, june 11-15, 1979</subfield><subfield code="c">H. WALTHER; K.W. ROTHE (Eds.)</subfield></datafield><datafield ind1=" " ind2=" " tag="260"><subfield code="a">NEW YORK</subfield><subfield code="b">Springer-verlag</subfield><subfield code="c">1979</subfield></datafield><datafield ind1=" " ind2=" " tag="300"><subfield code="a">XIII + 652P</subfield></datafield><datafield ind1=" " ind2=" " tag="490"><subfield code="a">Springer Series In Optical Sciences</subfield><subfield code="v">Vol. 21</subfield></datafield><datafield ind1=" " ind2=" " tag="700"><subfield code="a">Rothe, K.W</subfield><subfield code="c">Ed</subfield></datafield><datafield ind1=" " ind2=" " tag="852"><subfield code="a">44207</subfield><subfield code="c">535</subfield></datafield><datafield ind1=" " ind2=" " tag="CAT"><subfield code="a">Sys</subfield><subfield code="c">20101112</subfield><subfield code="h">121512</subfield></datafield></record></collection>